<record><leader>00000cas a22000007a 4500</leader><controlfield tag="001">25579804</controlfield><controlfield tag="008">920402d1966196unyuer ne      0    0eng d</controlfield><datafield ind1=" " ind2=" " tag="010"><subfield code="a">sn 92061547 </subfield></datafield><datafield ind1=" " ind2=" " tag="040"><subfield code="a">NYS</subfield><subfield code="b">eng</subfield><subfield code="c">NYS</subfield><subfield code="d">OCLCQ</subfield><subfield code="d">NYS</subfield><subfield code="d">OCLCQ</subfield></datafield><datafield ind1=" " ind2=" " tag="042"><subfield code="a">msc</subfield></datafield><datafield ind1="0" ind2=" " tag="130"><subfield code="a">Valley bulletin (Pleasant Valley, N.Y.)</subfield></datafield><datafield ind1="1" ind2="4" tag="245"><subfield code="a">The valley bulletin.</subfield></datafield><datafield ind1="3" ind2="0" tag="246"><subfield code="a">Pleasant Valley bulletin</subfield></datafield><datafield ind1=" " ind2=" " tag="260"><subfield code="a">Pleasant Valley, N.Y. :</subfield><subfield code="b">D.A. &amp; M.E. Calvin,</subfield><subfield code="c">1966-</subfield></datafield><datafield ind1=" " ind2=" " tag="300"><subfield code="a">v.</subfield></datafield><datafield ind1=" " ind2=" " tag="310"><subfield code="a">Biweekly</subfield></datafield><datafield ind1="0" ind2=" " tag="362"><subfield code="a">June 8, 1966-Oct. 4, 1967 ; v. 1, no. 2 (Oct. 18, 1967)-</subfield></datafield><datafield ind1=" " ind2=" " tag="500"><subfield code="a">Publishers: Valley Vogues Inc., &lt;1966-1967&gt;; Marie G. Lees, &lt;1967-1968&gt;.</subfield></datafield><datafield ind1=" " ind2=" " tag="580"><subfield code="a">Merged with: Central Dutchess, and: Hyde Park bulletin (Hyde Park, Dutchess County, N.Y.), to form: Valley bulletin and Central Dutchess combined with the Hyde Park bulletin.</subfield></datafield><datafield ind1=" " ind2=" " tag="588"><subfield code="a">Latest issue consulted: May 28, 1968.</subfield></datafield><datafield ind1=" " ind2="4" tag="651"><subfield code="a">Pleasant Valley (N.Y.)</subfield><subfield code="v">Newspapers.</subfield></datafield><datafield ind1=" " ind2=" " tag="752"><subfield code="a">United States</subfield><subfield code="b">New York</subfield><subfield code="c">Dutchess</subfield><subfield code="d">Pleasant Valley.</subfield></datafield><datafield ind1="1" ind2="7" tag="785"><subfield code="t">Central Dutchess</subfield></datafield><datafield ind1="1" ind2="7" tag="785"><subfield code="t">Bulletin (Hyde Park, Dutchess County, N.Y.)</subfield><subfield code="w">(DLC)sn 92061549</subfield><subfield code="w">(OCoLC)25580838</subfield></datafield><datafield ind1="1" ind2="7" tag="785"><subfield code="t">Valley bulletin and Central Dutchess combined with the Hyde Park bulletin</subfield><subfield code="w">(DLC)sn 92061548</subfield><subfield code="w">(OCoLC)25580320</subfield></datafield><datafield ind1="1" ind2=" " tag="029"><subfield code="a">AU@</subfield><subfield code="b">000020705686</subfield></datafield></record>